@misc{wiki:cd,
  author = "Wikipedia",
  title = "Class diagram --- Wikipedia{,} The Free Encyclopedia",
  year = "2012",
  url = "http://en.wikipedia.org/w/index.php?title=Class_diagram&oldid=487642642",
  note = "[Online; accessed 18-April-2012]"
}

